@article{fraser1958monte,
  title={Monte Carlo analyses of genetic models},
  author={Fraser, AS},
  year={1958},
  publisher={Nature Publishing Group}
}


@book{darwin.1840.origin.of.species,
title = {On the origin of species by means of natural selection, or, The preservation of favoured races in the struggle for life.},
author = {Darwin, Charles},
year = {[1840]}
}
